@inproceedings{santurkar2019image,
  title={Image synthesis with a single (robust) classifier},
  author={Santurkar, Shibani and Ilyas, Andrew and Tsipras, Dimitris and Engstrom, Logan and Tran, Brandon and Madry, Aleksander},
  booktitle={Advances in Neural Information Processing Systems},
  pages={1260--1271},
  year={2019}
}

@article{engstrom2019adversarial,
  title={Adversarial robustness as a prior for learned representations},
  author={Engstrom, Logan and Ilyas, Andrew and Santurkar, Shibani and Tsipras, Dimitris and Tran, Brandon and Madry, Aleksander},
  journal={arXiv preprint arXiv:1906.00945},
  year={2019}
}

@inproceedings{Grathwohl2020Your,
title={Your classifier is secretly an energy based model and you should treat it like one},
author={Will Grathwohl and Kuan-Chieh Wang and Joern-Henrik Jacobsen and David Duvenaud and Mohammad Norouzi and Kevin Swersky},
booktitle={International Conference on Learning Representations},
year={2020},
url={https://openreview.net/forum?id=Hkxzx0NtDB}
}

@incollection{bridle1990probabilistic,
  title={Probabilistic interpretation of feedforward classification network outputs, with relationships to statistical pattern recognition},
  author={Bridle, John S},
  booktitle={Neurocomputing},
  pages={227--236},
  year={1990},
  publisher={Springer}
}


@article{hyvarinen2005estimation,
  title={Estimation of non-normalized statistical models by score matching},
  author={Hyv{\"a}rinen, Aapo},
  journal={Journal of Machine Learning Research},
  volume={6},
  number={Apr},
  pages={695--709},
  year={2005}
}

@article{chen2018neural,
  title={Neural ordinary differential equations},
  author={Chen, Ricky TQ and Rubanova, Yulia and Bettencourt, Jesse and Duvenaud, David K},
  journal={Advances in neural information processing systems},
  volume={31},
  year={2018}
}

@article{bai2019deep,
  title={Deep equilibrium models},
  author={Bai, Shaojie and Kolter, J Zico and Koltun, Vladlen},
  journal={Advances in Neural Information Processing Systems},
  volume={32},
  year={2019}
}

@article{mnih2014recurrent,
  title={Recurrent models of visual attention},
  author={Mnih, Volodymyr and Heess, Nicolas and Graves, Alex and others},
  journal={Advances in neural information processing systems},
  volume={27},
  year={2014}
}

@article{rao1999predictive,
  title={Predictive coding in the visual cortex: a functional interpretation of some extra-classical receptive-field effects},
  author={Rao, Rajesh PN and Ballard, Dana H},
  journal={Nature neuroscience},
  volume={2},
  number={1},
  pages={79--87},
  year={1999},
  publisher={Nature Publishing Group}
}

@article{graves2016adaptive,
  title={Adaptive computation time for recurrent neural networks},
  author={Graves, Alex},
  journal={arXiv preprint arXiv:1603.08983},
  year={2016}
}

@article{lipton2018mythos,
  title={The mythos of model interpretability: In machine learning, the concept of interpretability is both important and slippery.},
  author={Lipton, Zachary C},
  journal={Queue},
  volume={16},
  number={3},
  pages={31--57},
  year={2018},
  publisher={ACM New York, NY, USA}
}

@inproceedings{
bubeck2021a,
title={A Universal Law of Robustness via Isoperimetry},
author={Sebastien Bubeck and Mark Sellke},
booktitle={Advances in Neural Information Processing Systems},
editor={A. Beygelzimer and Y. Dauphin and P. Liang and J. Wortman Vaughan},
year={2021},
url={https://openreview.net/forum?id=z71OSKqTFh7}
}

@inproceedings{poole2016exponential,
 author = {Poole, Ben and Lahiri, Subhaneil and Raghu, Maithra and Sohl-Dickstein, Jascha and Ganguli, Surya},
 booktitle = {Advances in Neural Information Processing Systems},
 editor = {D. Lee and M. Sugiyama and U. Luxburg and I. Guyon and R. Garnett},
 pages = {},
 publisher = {Curran Associates, Inc.},
 title = {Exponential expressivity in deep neural networks through transient chaos},
 url = {https://proceedings.neurips.cc/paper/2016/file/148510031349642de5ca0c544f31b2ef-Paper.pdf},
 volume = {29},
 year = {2016}
}

% My publications

@inproceedings{srinivas2015data,
  title={Data-free parameter pruning for deep neural networks},
  author={Srinivas, Suraj and Babu, R Venkatesh},
  booktitle={Proceedings of the British Machine Vision Conference 2015 (BMVC 2015)},
  pages={7--10},
  year={2015}
}

@InProceedings{srinivas2017training,
author = {Srinivas, Suraj and Subramanya, Akshayvarun and Venkatesh Babu, R.},
title = {Training Sparse Neural Networks},
booktitle = {Proceedings of the IEEE Conference on Computer Vision and Pattern Recognition (CVPR) Workshops},
month = {July},
year = {2017}
} 

@inproceedings{srinivas2016learning,
  title={Learning the architecture of deep neural networks},
  author={Srinivas, Suraj and Babu, R Venkatesh},
  booktitle={Proceedings of the British Machine Vision Conference 2016 (BMVC 2016)},
  year={2016}
}

@article{srinivas2016generalized,
  title={Generalized dropout},
  author={Srinivas, Suraj and Babu, R Venkatesh},
  journal={arXiv preprint arXiv:1611.06791},
  year={2016}
}

@ARTICLE{srinivas2016taxonomy,
AUTHOR={Srinivas, Suraj and Sarvadevabhatla, Ravi Kiran and Mopuri, Konda Reddy and Prabhu, Nikita and Kruthiventi, Srinivas S. S. and Babu, R. Venkatesh},   
TITLE={A Taxonomy of Deep Convolutional Neural Nets for Computer Vision},      
JOURNAL={Frontiers in Robotics and AI},      
VOLUME={2},           
YEAR={2016},      
URL={https://www.frontiersin.org/articles/10.3389/frobt.2015.00036},       
DOI={10.3389/frobt.2015.00036},      
ISSN={2296-9144},   
}


@InProceedings{srinivas2018knowledge,
  title = 	 {Knowledge Transfer with {J}acobian Matching},
  author =       {Srinivas, Suraj and Fleuret, Francois},
  booktitle = 	 {Proceedings of the 35th International Conference on Machine Learning},
  pages = 	 {4723--4731},
  year = 	 {2018},
  editor = 	 {Dy, Jennifer and Krause, Andreas},
  volume = 	 {80},
  series = 	 {Proceedings of Machine Learning Research},
  month = 	 {10--15 Jul},
  publisher =    {PMLR},
  pdf = 	 {http://proceedings.mlr.press/v80/srinivas18a/srinivas18a.pdf},
  url = 	 {https://proceedings.mlr.press/v80/srinivas18a.html},
}


@inproceedings{srinivas2019full,
  title={Full-gradient representation for neural network visualization},
  author={Srinivas, Suraj and Fleuret, Fran{\c{c}}ois},
  booktitle={Advances in Neural Information Processing Systems},
  pages={4126--4135},
  year={2019}
}

@inproceedings{srinivas2021rethinking,
  author={Suraj Srinivas and Fran√ßois Fleuret},
  title={Rethinking the Role of Gradient-based Attribution Methods for Model Interpretability},
  year={2021},
  cdate={1609459200000},
  url={https://openreview.net/forum?id=dYeAHXnpWJ4},
  booktitle={International Conference on Learning Representations}
}

@InProceedings{srinivas2022cyclical,
    author    = {Srinivas, Suraj and Kuzmin, Andrey and Nagel, Markus and van Baalen, Mart and Skliar, Andrii and Blankevoort, Tijmen},
    title     = {Cyclical Pruning for Sparse Neural Networks},
    booktitle = {Proceedings of the IEEE/CVF Conference on Computer Vision and Pattern Recognition (CVPR) Workshops},
    month     = {June},
    year      = {2022},
    pages     = {2762-2771}
}

@inproceedings{srinivas2022efficient,
title={Efficient Training of Low-Curvature Neural Networks},
author={Suraj Srinivas and Kyle Matoba and Himabindu Lakkaraju and Fran{\c{c}}ois Fleuret},
booktitle={Advances in Neural Information Processing Systems},
editor={Alice H. Oh and Alekh Agarwal and Danielle Belgrave and Kyunghyun Cho},
year={2022},
url={https://openreview.net/forum?id=2B2xIJ299rx}
}

@inproceedings{halabi2022dataefficient,
title={Data-Efficient Structured Pruning via Submodular Optimization},
author={Marwa El Halabi and Suraj Srinivas and Simon Lacoste-Julien},
booktitle={Advances in Neural Information Processing Systems},
editor={Alice H. Oh and Alekh Agarwal and Danielle Belgrave and Kyunghyun Cho},
year={2022},
url={https://openreview.net/forum?id=K2QGzyLwpYG}
}

@inproceedings{han2022which,
title={Which Explanation Should I Choose? A Function Approximation Perspective to Characterizing Post Hoc Explanations},
author={Tessa Han and Suraj Srinivas and Himabindu Lakkaraju},
booktitle={Advances in Neural Information Processing Systems},
editor={Alice H. Oh and Alekh Agarwal and Danielle Belgrave and Kyunghyun Cho},
year={2022},
url={https://openreview.net/forum?id=rTvH1_SRyXs}
}